[
    {
        "filing_id": "2023_FY_RCL",
        "ticker": "RCL",
        "end_of_period": "2023-12-31",
        "total_revenue": "13900000000.0",
        "net_income": "1697000000.0",
        "cost_of_goods_sold": "9225000000.0",
        "selling_general_and_administration": "1787000000.0",
        "free_cash_flow": "580000000.0",
        "dividends_paid": "0.0",
        "stockholders_equity": "4724000000.0",
        "total_assets": "35131000000.0",
        "accounts_receivable": "405000000.0",
        "cash_and_cash_equivalents": "497000000.0",
        "current_assets": "1792000000.0",
        "current_liabilities": "9401000000.0",
        "inventory": "248000000.0",
        "long_term_debt": "19732000000.0",
        "revenue_growth": "0.57230214443914063",
        "shares_growth": "0.10975604973903086"
    },
    {
        "filing_id": "2023_FY_AAPL",
        "ticker": "AAPL",
        "end_of_period": "2023-09-30",
        "total_revenue": "383285000000.0",
        "net_income": "96995000000.0",
        "cost_of_goods_sold": "214137000000.0",
        "selling_general_and_administration": "24932000000.0",
        "free_cash_flow": "99584000000.0",
        "dividends_paid": "-15025000000.0",
        "stockholders_equity": "62146000000.0",
        "total_assets": "352583000000.0",
        "accounts_receivable": "29508000000.0",
        "cash_and_cash_equivalents": "29965000000.0",
        "current_assets": "143566000000.0",
        "current_liabilities": "145308000000.0",
        "inventory": "6331000000.0",
        "long_term_debt": "95281000000.0",
        "revenue_growth": "-0.028004605303199367",
        "shares_growth": "-0.024672490383967058"
    },
    {
        "filing_id": "2021_FY_AAPL",
        "ticker": "AAPL",
        "end_of_period": "2021-09-30",
        "total_revenue": "365817000000.0",
        "net_income": "94680000000.0",
        "cost_of_goods_sold": "212981000000.0",
        "selling_general_and_administration": "21973000000.0",
        "free_cash_flow": "92953000000.0",
        "dividends_paid": "-14467000000.0",
        "stockholders_equity": "63090000000.0",
        "total_assets": "351002000000.0",
        "accounts_receivable": "26278000000.0",
        "cash_and_cash_equivalents": "34940000000.0",
        "current_assets": "134836000000.0",
        "current_liabilities": "125481000000.0",
        "inventory": "6580000000.0",
        "long_term_debt": "109106000000.0",
        "revenue_growth": "0.33259384733074693",
        "shares_growth": "-0.032395869577728095"
    },
    {
        "filing_id": "2022_FY_RCL",
        "ticker": "RCL",
        "end_of_period": "2022-12-31",
        "total_revenue": "8840540000.0",
        "net_income": "-2099829000.0",
        "cost_of_goods_sold": "6614336000.0",
        "selling_general_and_administration": "1582929000.0",
        "free_cash_flow": "-2228206000.0",
        "dividends_paid": "0.0",
        "stockholders_equity": "2868812000.0",
        "total_assets": "33776361000.0",
        "accounts_receivable": "531066000.0",
        "cash_and_cash_equivalents": "1935005000.0",
        "current_assets": "3205006000.0",
        "current_liabilities": "8573464000.0",
        "inventory": "224016000.0",
        "long_term_debt": "21826486000.0",
        "revenue_growth": "4.7700865394844962",
        "shares_growth": "0.012703921973535813"
    },
    {
        "filing_id": "2022_FY_AAPL",
        "ticker": "AAPL",
        "end_of_period": "2022-09-30",
        "total_revenue": "394328000000.0",
        "net_income": "99803000000.0",
        "cost_of_goods_sold": "223546000000.0",
        "selling_general_and_administration": "25094000000.0",
        "free_cash_flow": "111443000000.0",
        "dividends_paid": "-14841000000.0",
        "stockholders_equity": "50672000000.0",
        "total_assets": "352755000000.0",
        "accounts_receivable": "28184000000.0",
        "cash_and_cash_equivalents": "23646000000.0",
        "current_assets": "135405000000.0",
        "current_liabilities": "153982000000.0",
        "inventory": "4946000000.0",
        "long_term_debt": "98959000000.0",
        "revenue_growth": "0.077937876041846058",
        "shares_growth": "-0.029425171789539354"
    },
    {
        "filing_id": "2019_FY_RCL",
        "ticker": "RCL",
        "end_of_period": "2019-12-31",
        "total_revenue": "10950661000.0",
        "net_income": "1494887000.0",
        "cost_of_goods_sold": "6062765000.0",
        "selling_general_and_administration": "1559253000.0",
        "free_cash_flow": "691703000.0",
        "dividends_paid": "-602674000.0",
        "stockholders_equity": "12163846000.0",
        "total_assets": "30320284000.0",
        "accounts_receivable": "305821000.0",
        "cash_and_cash_equivalents": "243738000.0",
        "current_assets": "1162628000.0",
        "current_liabilities": "7952896000.0",
        "inventory": "162107000.0",
        "long_term_debt": "9015751000.0",
        "revenue_growth": "0.153447985111202",
        "shares_growth": "-0.0076765270332870093"
    },
    {
        "filing_id": "2021_FY_RCL",
        "ticker": "RCL",
        "end_of_period": "2021-12-31",
        "total_revenue": "1532133000.0",
        "net_income": "-6572536000.0",
        "cost_of_goods_sold": "2657512000.0",
        "selling_general_and_administration": "1370076000.0",
        "free_cash_flow": "-4107519000.0",
        "dividends_paid": "0.0",
        "stockholders_equity": "5085556000.0",
        "total_assets": "32258355000.0",
        "accounts_receivable": "408067000.0",
        "cash_and_cash_equivalents": "2701770000.0",
        "current_assets": "3600271000.0",
        "current_liabilities": "7285683000.0",
        "inventory": "150224000.0",
        "long_term_debt": "19352390000.0",
        "revenue_growth": "-0.306352077254443",
        "shares_growth": "0.17485245060302798"
    },
    {
        "filing_id": "2020_FY_RCL",
        "ticker": "RCL",
        "end_of_period": "2020-12-31",
        "total_revenue": "2208805000.0",
        "net_income": "-6504615000.0",
        "cost_of_goods_sold": "2765108000.0",
        "selling_general_and_administration": "1199620000.0",
        "free_cash_flow": "-5696784000.0",
        "dividends_paid": "-326421000.0",
        "stockholders_equity": "8760669000.0",
        "total_assets": "32465187000.0",
        "accounts_receivable": "284149000.0",
        "cash_and_cash_equivalents": "3684474000.0",
        "current_assets": "4311747000.0",
        "current_liabilities": "4537121000.0",
        "inventory": "118703000.0",
        "long_term_debt": "18521832000.0",
        "revenue_growth": "-0.79829482439461874",
        "shares_growth": "0.020983184871147524"
    }
]